@misc{tu_dortmund_versuchsanleitung_2021,
	title = {Versuchsanleitung V51 - OperationsverstÃ¤rker},
	author = {{TU} Dortmund},
	date = {2021},
}