@misc{tu_dortmund_versuchsanleitung_2021,
	title = {Versuchsanleitung V44 - Röntgenreflektometrie},
	author = {{TU} Dortmund},
	date = {2021},
}
@misc{tu_dortmund_versuchsanleitung_2021_e1,
	title = {Lehrstuhlversuch Versuchsanleitung V44 - Röntgenreflektometrie},
	author = {{TU} Dortmund E1},
	date = {2021},
}
@misc{tolan,
  AUTHOR       = "Metin Tolan",
  TITLE        = "X-ray scattering from soft-matter thin films: materials science and basic research",
  YEAR         = "1999",
  HOWPUBLISHED = "Springer tracts in modern physics 148. Berlin",
  NOTE         = "197 S",
  ADDRESS      = "New York: Springer",
}