@misc{anleitung,
  title = {Versuch 27: Der Zeemann Effekt},
  author = {Tu Dortmund},
}