@article{matplotlib,
  author = "Hunter, John D.",
  title = "{Matplotlib}: A {2D} Graphics Environment",
  publisher = "IEEE",
  year = "2007",
  journal = "Computing in Science \& Engineering",
  volume = "9",
  number = "3",
  pages = "90--95",
  url = "http://matplotlib.org/",
  version = "1.4.3",
}

@article{numpy,
  author = "Oliphant, Travis E.",
  title = "{NumPy}: {Python} for Scientific Computing",
  publisher = "IEEE",
  year = "2007",
  journal = "Computing in Science \& Engineering",
  volume = "9",
  number = "3",
  pages = "10--20",
  url = "http://www.numpy.org/",
  version = "1.9.2",
}
@misc{tu_dortmund_versuchsanleitung_2021,
	title = {Versuchsanleitung V27 - Zeemann-Effekt},
	author = {{TU} Dortmund},
	date = {2021},
}

@book{demtroder_atome_2016,
	address = {Berlin Heidelberg},
	edition = {5., neu bearbeitete und aktualisierte Auflage},
	series = {Experimentalphysik / {Wolfgang} {Demtröder}},
	title = {Atome, {Moleküle} und {Festkörper}},
	isbn = {978-3-662-49093-8},
	language = {ger},
	number = {3},
	publisher = {Springer Spektrum},
	author = {Demtröder, Wolfgang and Demtröder, Wolfgang},
	year = {2016},
	doi = {10.1007/978-3-662-49094-5},
	file = {Table of Contents PDF:/Users/davidgutnikov/Zotero/storage/3GRVUHRQ/Demtröder und Demtröder - 2016 - Atome, Moleküle und Festkörper.pdf:application/pdf},
}

@book{haken_atom-_2004,
	address = {Berlin Heidelberg},
	edition = {Achte, aktualisierte und erweiterte Auflage},
	series = {Springer-{Lehrbuch}},
	title = {Atom- und {Quantenphysik}: {Einführung} in die experimentellen und theoretischen {Grundlagen}},
	isbn = {978-3-642-62142-0 978-3-540-02621-1},
	shorttitle = {Atom- und {Quantenphysik}},
	language = {ger},
	publisher = {Springer},
	author = {Haken, Hermann and Wolf, Hans Christoph},
	year = {2004},
	doi = {10.1007/978-3-642-18519-9},
	annote = {Mit 307 Abbildungen, 32 Tabellen, 177 Aufgaben und vollständigen Lösungen},
}