@misc{tu_dortmund_versuchsanleitung_2021,
	title = {Versuchsanleitung V53 - Mikrowellen im Hohlleiter},
	author = {{TU} Dortmund},
	date = {2021},
}