@article{anleitung,
  title = {Versuch 60: Der Diodenlaser},
  author = {Tu Dortmund},
}

@article{anleitungHeNe,
  title = {Versuch 61: Der HeNe-Laser},
  author = {Tu Dortmund},
}

@online{wiki,
  title = {{Wikipedia} Laser},
  url = {https://de.wikipedia.org/wiki/Laser#/media/Datei:TEMmn.png},
  urldate = {2021-09-22}
}

@online{wiki,
  title = {{Physics and Radio electronics} Laser diode},
  url = {https://www.physics-and-radio-electronics.com/electronic-devices-and-circuits/semiconductor-diodes/laserdiode.html},
  urldate = {\today}
}
